<?xml version="1.0" encoding="UTF-8"?><collection><record><leader>06051ntm a2200613 a 4500</leader><controlfield tag="001">006832330</controlfield><controlfield tag="003">MiAaHDL</controlfield><controlfield tag="005">20190719000000.0</controlfield><controlfield tag="006">m        d        </controlfield><controlfield tag="007">cr bn ---auaua</controlfield><controlfield tag="008">090626s16uu    xx            00| ||ara d</controlfield><datafield tag="035" ind1=" " ind2=" "><subfield code="a">(MiU)006832330</subfield></datafield><datafield tag="035" ind1=" " ind2=" "><subfield code="a">sdr-miu006832330</subfield></datafield><datafield tag="040" ind1=" " ind2=" "><subfield code="a">MiU</subfield><subfield code="c">MiU</subfield><subfield code="e">amremm</subfield></datafield><datafield tag="043" ind1=" " ind2=" "><subfield code="a">n-us-mi</subfield></datafield><datafield tag="100" ind1="0" ind2=" "><subfield code="6">880-01</subfield><subfield code="a">Abū Ḥayyān Muḥammad ibn Yūsuf,</subfield><subfield code="d">1256-1344.</subfield></datafield><datafield tag="240" ind1="1" ind2="0"><subfield code="6">880-02</subfield><subfield code="a">Nahr al-mādd min al-Baḥr al-muḥīṭ</subfield></datafield><datafield tag="245" ind1="1" ind2="0"><subfield code="6">880-03</subfield><subfield code="a">Kitāb Tafsīr al-Qurʼān al-ʻAẓīm al-musammá bi-al-Nahr,</subfield><subfield code="f">[17th century].</subfield></datafield><datafield tag="246" ind1="3" ind2="8"><subfield code="a">جزء الاول من تفسير ابي حيان وبه الثلث الاول</subfield></datafield><datafield tag="260" ind1=" " ind2=" "><subfield code="c">[16--].</subfield></datafield><datafield tag="300" ind1=" " ind2=" "><subfield code="a">254 leaves :</subfield><subfield code="b">paper ;</subfield><subfield code="c">280 x 200 (225 x 115) mm. bound to 287 x 205 mm.</subfield></datafield><datafield tag="500" ind1=" " ind2=" "><subfield code="a">Shelfmark: Ann Arbor, University of Michigan, Special Collections Library, Isl. Ms. 941</subfield></datafield><datafield tag="500" ind1=" " ind2=" "><subfield code="a">Origin: Lacks dated colophon ; paper, hand, etc. strongly suggest early 17th century.</subfield></datafield><datafield tag="500" ind1=" " ind2=" "><subfield code="a">Accompanying materials: "a. Slip of paper: 8348; b. Slip of paper: 13713" - from handlist prepared by R. Dougherty, 1993.</subfield></datafield><datafield tag="500" ind1=" " ind2=" "><subfield code="a">Former shelfmark: Mich. Isl. Ms. temp. no. 90</subfield></datafield><datafield tag="500" ind1=" " ind2=" "><subfield code="a">Binding: Fiberboards covered in maroon cloth with brown leather over spine and board corners (half binding) ; Western style binding ; pastedowns (now fully detached from boards, traces of adhesive visible) and flyleaves in shell 'marbled' (printed pattern) wove paper in brown, red, blue and gold ; board corners and spine leather extending over boards edged in gold-stamped vegetal accents ; spine gold-stamped with decorative accents over raised bands ; edges of textblock speckled red ; spine label carries title and subject "الجزء الاول من تفسير ابي حيان وبه الثلث الاول | تفسير" ; sewn (not original) in white thread, six stations ; Western style endbands ; overall in fair condition with some abrasion, lifting and losses of cloth and leather, etc.</subfield></datafield><datafield tag="500" ind1=" " ind2=" "><subfield code="a">Support: European laid paper with 6 laid lines per cm. (horizontal), single chain lines evenly spaced roughly 28 mm. apart (vertical), three crescents watermark (see p.10, compare Heawood 863, Venice 1610), some inclusions and undissolved fibers ; heavy but crisp and well-burnished.</subfield></datafield><datafield tag="500" ind1=" " ind2=" "><subfield code="a">Decoration: Keywords and sūrah headings rubricated ; textual dividers in the form of small red discs, hāʼs (ه), and inverted commas.</subfield></datafield><datafield tag="500" ind1=" " ind2=" "><subfield code="a">Script: Naskh ; clear Egyptian hand in a thin line ; serifless with slight effect of tilt to the left, adhering fairly closely to baseline, many closed counters, pointing in distinct dots, alif maqṣūrah pointed as yāʼ, kāf mashkūlah (mashqūqah) preferred.</subfield></datafield><datafield tag="500" ind1=" " ind2=" "><subfield code="a">Layout: Written in 33 lines per page ; frame-ruled.</subfield></datafield><datafield tag="500" ind1=" " ind2=" "><subfield code="a">Collation: Original gatherings now difficult to discern, though likely quinions ; catchwords present ; pagination in pencil, Western numerals, supplied during digitization.</subfield></datafield><datafield tag="500" ind1=" " ind2=" "><subfield code="a">Colophon: "Scribal," triangular, reads "كمل الثلث الاول من النهر المأخوذ من البحر ويتلوه ان شاء الله تعالي سورة يونس عليه السلام والحمد لله وحده و بالله المستعان تم"</subfield></datafield><datafield tag="500" ind1=" " ind2=" "><subfield code="a">Explicit: "في سوء العاقبة من الوقوع في العذاب ويحرص على هداهم ويرأف بهم ويرحمهم اللهم فصل عليه اشرف صلاة وسلم عليه ازكى سلام"</subfield></datafield><datafield tag="500" ind1=" " ind2=" "><subfield code="a">Incipit: "قال الشيخ الامام العلامة الحافظ سيبويه الزمان ابو حيان محمد ابن يوسف بن علي رحمه الله ورضي عنه بحمدك اللهم استفتح وبنورك استوضح من فضلك استمنح ... وبعد فان لما صنفت كتابي الكبير المسمى بالبحر المحيط في علم التفسير عجز عن قطعه لطوله السابح ... فاجريت منه نهرا تجري عيونه ... وهذا النهر مدة من بحر ليس له حرز ..."</subfield></datafield><datafield tag="500" ind1=" " ind2=" "><subfield code="a">Title from 'title page' (p.1).</subfield></datafield><datafield tag="500" ind1=" " ind2=" "><subfield code="a">Ms. codex.</subfield></datafield><datafield tag="510" ind1="4" ind2=" "><subfield code="a">Glazer, Sidney. "Abū Ḥayyān al-Gharnāṭī." In EI3,</subfield><subfield code="c">accessed via Brill Online.</subfield></datafield><datafield tag="510" ind1="4" ind2=" "><subfield code="a">Fatehi-nezhad, Enayatollah. (Tr. Rahim Gholami). "Abū Ḥayyān al-Gharnāṭī." In Encyclopaedia Islamica,</subfield><subfield code="c">Vol. 2, p. 93, col. 1</subfield></datafield><datafield tag="510" ind1="4" ind2=" "><subfield code="a">Brockelmann, C. GAL,</subfield><subfield code="c">S II 136</subfield></datafield><datafield tag="520" ind1="8" ind2=" "><subfield code="a">Fine copy of the first third (through the conclusion of Sūrat al-Tawbah [9]) of Abū Ḥayyān al-Gharnāṭī's (d.1344) commentary on the Qurʼān derived from his more extensive commentary al-Baḥr al-muḥīṭ.</subfield></datafield><datafield tag="538" ind1=" " ind2=" "><subfield code="a">Mode of access: Internet.</subfield></datafield><datafield tag="541" ind1=" " ind2=" "><subfield code="a">Acquired in the Fall of 1950.</subfield></datafield><datafield tag="546" ind1=" " ind2=" "><subfield code="a">Arabic.</subfield></datafield><datafield tag="561" ind1=" " ind2=" "><subfield code="a">On upper pastedown, label with ex libris of James Heyworth-Dunne (d.1974), stamped with inventory number, "Ex Libris | J. Heyworth-Dunne | D. Lit. (London) | No 8348" ; UM Library inscription on (p.3) "Dunning | Heyworth-Dunne | 6-12-51 | 71955" ; occasional glosses and marginal corrections.</subfield></datafield><datafield tag="600" ind1="0" ind2="0"><subfield code="a">Abū Ḥayyān Muḥammad ibn Yūsuf,</subfield><subfield code="d">1256-1344.</subfield><subfield code="t">Baḥr al-muḥīṭ fī tafsīr al-Qurʼān.</subfield></datafield><datafield tag="630" ind1="0" ind2="0"><subfield code="a">Qurʼan</subfield><subfield code="v">Commentaries</subfield><subfield code="v">Early works to 1800.</subfield></datafield><datafield tag="650" ind1=" " ind2="0"><subfield code="a">Manuscripts, Arabic</subfield><subfield code="z">Michigan</subfield><subfield code="z">Ann Arbor.</subfield></datafield><datafield tag="700" ind1="1" ind2=" "><subfield code="a">Heyworth-Dunne, J.</subfield><subfield code="q">(James),</subfield><subfield code="e">former owner.</subfield></datafield><datafield tag="700" ind1="0" ind2=" "><subfield code="6">880-05</subfield><subfield code="a">Abū Ḥayyān Muḥammad ibn Yūsuf,</subfield><subfield code="d">1256-1344.</subfield><subfield code="t">Baḥr al-muḥīṭ fī tafsīr al-Qurʼān.</subfield><subfield code="k">Abridgement.</subfield></datafield><datafield tag="773" ind1="0" ind2=" "><subfield code="a">Heyworth-Dunne Collection.</subfield></datafield><datafield tag="880" ind1="0" ind2=" "><subfield code="6">700-05/</subfield><subfield code="a">ابو حيان محمد بن يوسف.</subfield><subfield code="t">بحر المحيط في تفسير القرآن.</subfield><subfield code="k">تلخيص.</subfield></datafield><datafield tag="880" ind1="1" ind2="0"><subfield code="6">245-03/</subfield><subfield code="a">كتاب تفسير القرآن العظيم المسمى بالنهر,</subfield><subfield code="f">[القرن 17م].</subfield></datafield><datafield tag="880" ind1="1" ind2="0"><subfield code="6">240-02/</subfield><subfield code="a">نهر الماد من البحر المحيط</subfield></datafield><datafield tag="880" ind1="0" ind2=" "><subfield code="6">100-01/</subfield><subfield code="a">ابو حيان محمد بن يوسف.</subfield></datafield><datafield tag="CID" ind1=" " ind2=" "><subfield code="a">006832330</subfield></datafield><datafield tag="DAT" ind1="0" ind2=" "><subfield code="a">20190719102640.0</subfield><subfield code="b">20190719000000.0</subfield></datafield><datafield tag="DAT" ind1="1" ind2=" "><subfield code="a">20190719090653.0</subfield><subfield code="b">2019-07-19T16:11:28Z</subfield></datafield><datafield tag="DAT" ind1="2" ind2=" "><subfield code="a">2015-10-10T18:00:06Z</subfield></datafield><datafield tag="CAT" ind1=" " ind2=" "><subfield code="a">SDR-MIU</subfield><subfield code="d">EX LIBRIS - ALEPH</subfield><subfield code="l">prepare.pl-004-008</subfield></datafield><datafield tag="FMT" ind1=" " ind2=" "><subfield code="a">BK</subfield></datafield><datafield tag="HOL" ind1=" " ind2=" "><subfield code="0">sdr-miu006832330</subfield><subfield code="a">MiU</subfield><subfield code="b">SDR</subfield><subfield code="c">MIU</subfield><subfield code="p">mdp.39015079131226</subfield><subfield code="s">MIU</subfield><subfield code="1">006832330</subfield></datafield><datafield tag="974" ind1=" " ind2=" "><subfield code="b">MIU</subfield><subfield code="c">MIU</subfield><subfield code="d">20190719</subfield><subfield code="s">lit-dlps-dc</subfield><subfield code="u">mdp.39015079131226</subfield><subfield code="y">1699</subfield><subfield code="r">ic-world</subfield><subfield code="q">man</subfield></datafield></record></collection>